@book{vi,
	title={{Veštačka inteligencija}},
	author={Janičić, Predrag and Nikolić, Mladen},
	note = {dostupno na: \url{http://poincare.matf.bg.ac.rs/~janicic/courses/vi.pdf}},
	year={2020},
	publisher={Matematički fakultet},
	address = {Beograd}
}

@misc{pp,
	title = {{Programske paragidme -- konkurentno programiranje}},
	note = {dostupno na: \url{http://www.programskijezici.matf.bg.ac.rs/ppI/2019/predavanja/kp/konkurentno_programiranje_slajdovi.pdf}},
	author = {Vujošević Janičić, Milena},
	publisher={Matematički fakultet},
	year = {2019}
}

@misc{rs,
	title = {{Razvoj softvera -- Konkurentnost}},
	note = {dostupno na: \url{http://poincare.matf.bg.ac.rs/~smalkov/files/rs.r290.2019/public/Predavanja/Razvoj softvera.10.2019 - Konkurentnost.pdf}},
	author = {Malkov, Saša},
	publisher={Matematički fakultet},
	year = {2019}
}

@misc{ri,
	title = {{Računarska inteligencija -- optimizacija}},
	note = {dostupno na: \url{http://poincare.matf.bg.ac.rs/~kartelj/nastava/RI2019/04.Optimizacija.ukratko.pdf}},
	author = {Kartelj, Aleksandar},
	publisher={Matematički fakultet},
	year = {2019}
}

@book{alba,
	author = {Alba, Enrique},
	title = {Parallel Metaheuristics: A New Class of Algorithms},
	year = {2005},
	isbn = {0471678066},
	publisher = {Wiley Publishing}
}

@book{talbi,
	author = {Talbi, El-Ghazali},
	title = {Metaheuristics: From Design to Implementation},
	note = {dostupno na: \url{http://ie.sharif.edu/~so/Metaheuristics.pdf}},
	year = {2009},
	isbn = {0470278587},
	publisher = {Wiley Publishing}
}

@article{alba2,
	author = {Alba, Enrique and Luque, Gabriel and Nesmachnow, Sergio},
	year = {2012},
	month = {01},
	pages = {1-48},
	title = {Parallel Metaheuristics: Recent Advances and New Trends},
	note = {dostupno na: \url{https://www.researchgate.net/publication/236189741_Parallel_Metaheuristics_Recent_Advances_and_New_Trends}},
	volume = {20},
	journal = {International Transactions in Operational Research},
	doi = {10.1111/j.1475-3995.2012.00862.x}
}

@book{alba3,
	author = {Alba, Enrique and Blum, Christian and Isasi, Pedro and Leon, Coromoto and Gomez, Juan},
	year = {2009},
	title = {Optimization Techniques for Solving Complex Problems},
	doi = {10.1002/9780470411353},
	publisher = {Wiley Publishing}
}

@misc{aa,
	title = {{Advanced Algorithms -- VI. Approximation Algorithms: Travelling Salesman Problem}},
	note = {dostupno na: \url{https://www.cl.cam.ac.uk/teaching/1516/AdvAlgo/tsp.pdf}},
	author = {Sauerwald, Thomas},
	year = {2016},
	publisher = {University of Cambridge}
}

@article{fatta,
    author = {Fatta, Giuseppe and Presto, Giuseppe and Lo Re, Giuseppe},
    year = {2011},
    month = {10},
    title = {A parallel genetic algorithm for the Steiner Problem in Networks}
}

@article{martins,
    author = {Martins, Simone and Resende, Mauricio and Ribeiro, Caio and Pardalos, P.},
    year = {2000},
    month = {01},
    pages = {267-283},
    title = {A Parallel GRASP for the Steiner Tree Problem in Graphs using a Hybrid Local Search Strategy.” Journal of Global Optimization 17, 267-283},
    volume = {17},
    journal = {Journal of Global Optimization},
    doi = {10.1023/A:1026546708757}
}

@inproceedings{ribe,
    author = {Ribeiro, Celso and Rosseti, Isabel},
    year = {2002},
    month = {01},
    pages = {922-926},
    title = {A Parallel GRASP Heuristic for the 2-Path Network Design Problem}
}