@book{alba,
	author = {Alba, Enrique},
	title = {Parallel Metaheuristics: A New Class of Algorithms},
	year = {2005},
	isbn = {0471678066},
	publisher = {Wiley Publishing}
}

@book{talbi,
	author = {Talbi, El-Ghazali},
	title = {Metaheuristics: From Design to Implementation},
	year = {2009},
	isbn = {0470278587},
	publisher = {Wiley Publishing}
}

@article{alba2,
	author = {Alba, Enrique and Luque, Gabriel and Nesmachnow, Sergio},
	year = {2012},
	month = {01},
	pages = {1-48},
	title = {Parallel Metaheuristics: Recent Advances and New Trends},
	volume = {20},
	journal = {International Transactions in Operational Research},
	doi = {10.1111/j.1475-3995.2012.00862.x}
}

@book{alba3,
	author = {Alba, Enrique and Blum, Christian and Isasi, Pedro and Leon, Coromoto and Gomez, Juan},
	year = {2009},
	title = {Optimization Techniques for Solving Complex Problems},
    doi = {10.1002/9780470411353},
	publisher = {Wiley Publishing}
}